<record><leader>00000cas a22000007a 4500</leader><controlfield tag="001">28589655</controlfield><controlfield tag="008">930809d19612001scuwr ne      0    0eng d</controlfield><datafield ind1=" " ind2=" " tag="010"><subfield code="a">sn 93067899 </subfield></datafield><datafield ind1=" " ind2=" " tag="040"><subfield code="a">SVN</subfield><subfield code="b">eng</subfield><subfield code="c">SVN</subfield><subfield code="d">OCLCQ</subfield><subfield code="d">SUC</subfield><subfield code="d">OCLCQ</subfield><subfield code="d">OCLCF</subfield></datafield><datafield ind1="1" ind2=" " tag="029"><subfield code="a">AU@</subfield><subfield code="b">000025895401</subfield></datafield><datafield ind1=" " ind2=" " tag="042"><subfield code="a">msc</subfield></datafield><datafield ind1=" " ind2=" " tag="043"><subfield code="a">n-us-sc</subfield></datafield><datafield ind1="0" ind2="4" tag="245"><subfield code="a">The Calhoun Falls news.</subfield></datafield><datafield ind1=" " ind2=" " tag="260"><subfield code="a">Calhoun Falls, S.C. :</subfield><subfield code="b">L. Abner Hall</subfield></datafield><datafield ind1=" " ind2=" " tag="300"><subfield code="a">v.</subfield></datafield><datafield ind1=" " ind2=" " tag="310"><subfield code="a">Weekly</subfield></datafield><datafield ind1="1" ind2=" " tag="362"><subfield code="a">Began in 1961; ceased with Jan, 31, 2001.</subfield></datafield><datafield ind1=" " ind2=" " tag="588"><subfield code="a">Latest consulted: Vol. 55, no. 5 (Jan. 31, 2001).</subfield></datafield><datafield ind1=" " ind2=" " tag="588"><subfield code="a">Description based on: Vol. 1, no. 2 (June 15, 1961).</subfield></datafield><datafield ind1=" " ind2="0" tag="651"><subfield code="a">Abbeville County (S.C.)</subfield><subfield code="v">Newspapers.</subfield></datafield><datafield ind1=" " ind2="7" tag="655"><subfield code="a">Newspapers.</subfield><subfield code="2">fast</subfield><subfield code="0">(OCoLC)fst01423814</subfield></datafield><datafield ind1=" " ind2="7" tag="651"><subfield code="a">South Carolina</subfield><subfield code="z">Abbeville County.</subfield><subfield code="2">fast</subfield><subfield code="0">(OCoLC)fst01209948</subfield></datafield><datafield ind1=" " ind2=" " tag="752"><subfield code="a">United States</subfield><subfield code="b">South Carolina</subfield><subfield code="c">Abbeville</subfield><subfield code="d">Calhoun Falls.</subfield></datafield><datafield ind1="0" ind2="0" tag="780"><subfield code="t">Calhoun Falls times</subfield><subfield code="w">(DLC)sn 93067914</subfield><subfield code="w">(OCoLC)28616323</subfield></datafield></record>